<?xml version="1.0" encoding="UTF-8"?><collection xmlns="http://www.loc.gov/MARC21/slim"><record><leader>00446nam--2200145-i-4500</leader><controlfield tag="001">000015957</controlfield><controlfield tag="002">20161230</controlfield><controlfield tag="005">20170224003250</controlfield><controlfield tag="008">060222s1000------------r-----000-0-eng-d</controlfield><datafield ind1=" " ind2=" " tag="245"><subfield code="a">Enciclopedia de chimie. Elaborata sub coordona rea acad.dr.ing.Elena Ceausecu Vol. 4: Coo-det</subfield></datafield><datafield ind1=" " ind2=" " tag="260"><subfield code="a">Bucuresti</subfield><subfield code="b">Editura Stiintifica Si Enciclopedica</subfield><subfield code="c">1986</subfield></datafield><datafield ind1=" " ind2=" " tag="300"><subfield code="a">373 p</subfield></datafield><datafield ind1=" " ind2=" " tag="700"><subfield code="a">Ceausescu, Elena</subfield></datafield><datafield ind1=" " ind2=" " tag="852"><subfield code="a">54(031)</subfield></datafield><datafield ind1=" " ind2=" " tag="CAT"><subfield code="a">SYS</subfield><subfield code="c">20170224</subfield><subfield code="h">003250</subfield></datafield></record></collection>